---
---

@book{Gol2004,
  author = {Голицына О.Л., Максимов Н.В.},
  publisher = {Московская финансово-промышленная академия},
  title = {Информационные системы},
  year = {2004}
}