@reference{law46,
    title   = {Закон Вьетнама от 16 июня 2010 г. № 46/2010/QH12 \textquote{О государственной банковской деятельности Вьетнама}},
    url     = {https://thuvienphapluat.vn/}
}

@reference{law47,
    title   = {Закон Вьетнама от 18 анваря 2024 г. № 32/2024/QH15 \textquote{О кредитных организациях}},
    url     = {https://thuvienphapluat.vn/}
}

@reference{law14,
    title   = {Закон Вьетнама от 15 ноября 2022 г. № 14/2022/QH15 \textquote{О предотвращения отмывания денег}},
    url     = {https://thuvienphapluat.vn/}
}

@reference{law28,
    title   = {Закон Вьетнама от 12 июня 2013 г. № 28/2013/QH13 \textquote{О борьбе с терроризмом}},
    url     = {https://thuvienphapluat.vn/}
}

@reference{tt0822,
    title   = {Циркуляр Государственного банка Вьетнама от 30 июня 2022 г. № 08/2022/TT-NHNN \textquote{О регулирования порядка и процедур банковского надзора"}},
    url     = {https://thuvienphapluat.vn/}
}

@reference{ndcp2614,
    title   = {Постановление Правительства Вьетнама от 7 апреля 2014 г. № 26/2014/NĐ-CP (с изменениями, внесенными Постановлением Правительства Вьетнама от 17 мая 2019 г. № 43/2019/NĐ-CP) \textquote{Об организации и деятельности инспекции и надзора в банковском секторе}},
    url     = {https://thuvienphapluat.vn/}
}

@reference{ndcp4319,
    title   = {Постановление Правительства Вьетнама от 17 мая 2019 г. № 43/2019/NĐ-CP \textquote{Внесение изменений и дополнений в некоторые статьи Постановления Правительства Вьетнама от 7 апреля 2014 г. № 26/2014/NĐ-CP об организации и деятельности инспекции и надзора в банковском секторе}},
    url     = {https://thuvienphapluat.vn/}
}

@reference{qdttg2019,
    title   = {Решение Премьер-министра Вьетнама от 12 июня 2019 года № 20/2019/QĐ-TTg \textquote{Положение о функциях, обязанностях, полномочиях и организационной структуре Агентства по банковской инспекции и надзору при Государственном банком Вьетнама}},
    url     = {https://thuvienphapluat.vn/}
}

@reference{ndcp7405,
    title   = {Постановления Правительства Вьетнама от 7 июня 2005 г. № 74/2005/NĐ-CP \textquote{О предотвращении и борьбе с отмыванием денег}},

}

@reference{qdnh1002,
    title   = {Постановление Государственного банка Вьетнама от 8 июля 2005 г. № 1002/QĐ-NHNN \textquote{О создании Информационного центра по предотвращению отмывания денег при Государственном банке Вьетнама}},
}

@reference{qdttg8309,
    title   = {Решение Премьер-министра Вьетнама от 27 мая 2009 г. № 83/2009/QĐ-TTg \textquote{Положение о функциях, задачах, полномочиях и организационной структуре Агентства по банковской инспекции и надзору при Государственном банке Вьетнама}},
}

@reference{qdttg3514,
    title   = {Решение Премьер-министра Вьетнама от 12 июня 2014 г. № 35/2014/QĐ-TTg \textquote{Положение о функциях, задачах, полномочиях и организационной структуре Агентства по банковской инспекции и надзору при Государственном банке Вьетнама}}
}

@reference{fz115,
    title   = {Федеральный закон от 07.08.2001 № 115-ФЗ \textquote{О противодействии легализации (отмыванию) доходов, полученных преступным путем, и финансированию терроризма}},
    url     = {https://www.consultant.ru/document/cons_doc_LAW_32834/}
}

@reference{fz86,
    title   = {Федеральный закон от 10.07.2002 № 86-ФЗ \textquote{О Центральном банке Российской Федерации (Банке России)}},
    url     = {https://www.consultant.ru/document/cons_doc_LAW_37570/}
}

@reference{unc88,
    title   = {Конвенция Организации Объединенных Наций о борьбе против незаконного оборота наркотических средств и психотропных веществ 1988 г.},
}

@reference{unc00,
    title   = {Конвенция Организации Объединенных Наций против транснациональной организованной преступности 2000 г.},
}

@reference{pre808,
    title   = {Указ Президента РФ от 13 июня 2012 г. № 808 "Вопросы Федеральной службы по финансовому мониторингу"},
    url     = {https://www.consultant.ru/document/cons_doc_LAW_131097/}
}

@book{Schott,
  author = {P. A. Schott},
  publisher = {The World Bank},
  title = {Reference Guide to Anti-Money Laundering and Combating the Financing of Terrorism},
  year = {2006}
}
